@article{BLIS,
   author      = {Tze Meng Low and Francisco D. Igual and Tyler M. Smith and
                  Enrique S. Quintana-Ort\'{\i}},
   title       = {Analytical Modeling Is Enough for High-Performance {BLIS}},
   journal     = {ACM Transactions on Mathematical Software},
   volume      = {43},
   number      = {2},
   pages       = {12:1--12:18},
   month       = {August},
   year        = {2016},
   issue_date  = {August 2016},
   url         = {http://doi.acm.org/10.1145/2925987},
}

@misc{wiki:FLOPS,
  author       = {FLOPS},
  title        = {FLOPS --- {W}ikipedia{,} The Free Encyclopedia},
  howpublished = {\url          = {https://en.wikipedia.org/wiki/FLOPS},},
  year         = {2021},
  note         = "[Online; accessed 24-March-2021]",
}